01REMESSA01COBRANCA       44660640460001300035Brasinorte Servicos De Telecom033SANTANDER      1911180000000000000000                                                                                                                                                                                                                                                                                      000001
1021889096300017344660640460001300035                         02327929000000 00000000000000000000    000000501000232792926111800000000137200330446601N191118000000000000000000000000000000000000000000000000000000000000000200343935000170TEIXEIRA BASTO                          RUA ALMIRANTE ALEXANDRINO - 630         SANTA TEREZA20241265Rio de Janeiro RJ                               I00      00 000002
2                44660640460001300035          01                                                  02                                                  02                                                                                                                                                                                                                                     I00         000003
9000002000000000137200000000000000000000000000000000000000000000000000000000000000000000000000000000000000000000000000000000000000000000000000000000000000000000000000000000000000000000000000000000000000000000000000000000000000000000000000000000000000000000000000000000000000000000000000000000000000000000000000000000000000000000000000000000000000000000000000000000000000000000000000000000000000000004