01REMESSA01COBRANCA       035300369127        BRASINORTE SERVICOS DE TELEFON341BANCO ITAU SA  070724                                                                                                                                                                                                                                                                                                      000001
10203287545000119035300369127    0000                         000002290000000000000109                     I01229571    12111800000000068853410000012N290920925700000000000000000000000000000000000000000000000000000000000100007431714700COND. ED. A RUA TENENTE GIL GU          PRACA TENENTE GIL GUILHERME - 05        URCA        22291190RIO DE JANEIRO RJ                                  00000060 000002
10203287545000119035300369127    0000                         000002290000000000000109                     I01229571    12111800000000068853410000012N290920925700000000000000000000000000000000000000000000000000000000000100007431714700COND. ED. A RUA TENENTE GIL GU          PRACA TENENTE GIL GUILHERME - 05        URCA        22291190RIO DE JANEIRO RJ                                  00000060 000003
10203287545000119035300369127    0000                         000002290000000000000109                     I01229571    12111800000000068853410000012N290920925700000000000000000000000000000000000000000000000000000000000100007431714700COND. ED. A RUA TENENTE GIL GU          PRACA TENENTE GIL GUILHERME - 05        URCA        22291190RIO DE JANEIRO RJ                                  00000060 000004
10203287545000119035300369127    0000                         000002290000000000000109                     I01229571    12111800000000068853410000012N290920925700000000000000000000000000000000000000000000000000000000000100007431714700COND. ED. A RUA TENENTE GIL GU          PRACA TENENTE GIL GUILHERME - 05        URCA        22291190RIO DE JANEIRO RJ                                  00000060 000005
10203287545000119035300369127    0000                         000002290000000000000109                     I01229571    12111800000000068853410000012N290920925700000000000000000000000000000000000000000000000000000000000100007431714700COND. ED. A RUA TENENTE GIL GU          PRACA TENENTE GIL GUILHERME - 05        URCA        22291190RIO DE JANEIRO RJ                                  00000060 000006
10203287545000119035300369127    0000                         000002290000000000000109                     I01229571    12111800000000068853410000012N290920925700000000000000000000000000000000000000000000000000000000000100007431714700COND. ED. A RUA TENENTE GIL GU          PRACA TENENTE GIL GUILHERME - 05        URCA        22291190RIO DE JANEIRO RJ                                  00000060 000007
9                                                                                                                                                                                                                                                                                                                                                                                                         000008
