01REMESSA01COBRANCA       00000000001013422528BRASINORTE SERVICOS DE TELEFON237BRADESCO       070724        MX0229571                                                                                                                                                                                                                                                                                     000001
1                   00090035300369120                         0000000000000229571P00000000002            2  01229571    12111800000000068850000000012N290920186000000000000000000000000000000000000000000000000000000000000100007431714700COND. ED. A RUA TENENTE GIL GUILHERME   PRACA TENENTE GIL GUILHERME - 05        URCA        22291190                                                            000002
1                   00090035300369120                         0000000000000229571P00000000002            2  01229571    12111800000000068850000000012N290920186000000000000000000000000000000000000000000000000000000000000100007431714700COND. ED. A RUA TENENTE GIL GUILHERME   PRACA TENENTE GIL GUILHERME - 05        URCA        22291190                                                            000003
1                   00090035300369120                         0000000000000229571P00000000002            2  01229571    12111800000000068850000000012N290920186000000000000000000000000000000000000000000000000000000000000100007431714700COND. ED. A RUA TENENTE GIL GUILHERME   PRACA TENENTE GIL GUILHERME - 05        URCA        22291190                                                            000004
1                   00090035300369120                         0000000000000229571P00000000002            2  01229571    12111800000000068850000000012N290920186000000000000000000000000000000000000000000000000000000000000100007431714700COND. ED. A RUA TENENTE GIL GUILHERME   PRACA TENENTE GIL GUILHERME - 05        URCA        22291190                                                            000005
1                   00090035300369120                         0000000000000229571P00000000002            2  01229571    12111800000000068850000000012N290920186000000000000000000000000000000000000000000000000000000000000100007431714700COND. ED. A RUA TENENTE GIL GUILHERME   PRACA TENENTE GIL GUILHERME - 05        URCA        22291190                                                            000006
1                   00090035300369120                         0000000000000229571P00000000002            2  01229571    12111800000000068850000000012N290920186000000000000000000000000000000000000000000000000000000000000100007431714700COND. ED. A RUA TENENTE GIL GUILHERME   PRACA TENENTE GIL GUILHERME - 05        URCA        22291190                                                            000007
9                                                                                                                                                                                                                                                                                                                                                                                                         000008
