01REMESSA01COBRANCA       03530101342200036912BRASINORTE SERVICOS DE TELEFON033SANTANDER      0707240000000000000000                                                                                                                                                                                                                                                                                   000000001
1020328754500011903530101342200036912                         02295717000000 00000000000000000000    000000501229571    12111800000000068850330000001N290920000000000000000000000000000000000000000000000000000000000000000100007431714700COND. ED. A RUA TENENTE GIL GUILHERME   PRACA TENENTE GIL GUILHERME - 05        URCA        22291190RIO DE JANEIRO RJ                               I22      00 000002
1020328754500011903530101342200036912                         02295717000000 00000000000000000000    000000501229571    12111800000000068850330000001N290920000000000000000000000000000000000000000000000000000000000000000100007431714700COND. ED. A RUA TENENTE GIL GUILHERME   PRACA TENENTE GIL GUILHERME - 05        URCA        22291190RIO DE JANEIRO RJ                               I22      00 000003
1020328754500011903530101342200036912                         02295717000000 00000000000000000000    000000501229571    12111800000000068850330000001N290920000000000000000000000000000000000000000000000000000000000000000100007431714700COND. ED. A RUA TENENTE GIL GUILHERME   PRACA TENENTE GIL GUILHERME - 05        URCA        22291190RIO DE JANEIRO RJ                               I22      00 000004
1020328754500011903530101342200036912                         02295717000000 00000000000000000000    000000501229571    12111800000000068850330000001N290920000000000000000000000000000000000000000000000000000000000000000100007431714700COND. ED. A RUA TENENTE GIL GUILHERME   PRACA TENENTE GIL GUILHERME - 05        URCA        22291190RIO DE JANEIRO RJ                               I22      00 000005
1020328754500011903530101342200036912                         02295717000000 00000000000000000000    000000501229571    12111800000000068850330000001N290920000000000000000000000000000000000000000000000000000000000000000100007431714700COND. ED. A RUA TENENTE GIL GUILHERME   PRACA TENENTE GIL GUILHERME - 05        URCA        22291190RIO DE JANEIRO RJ                               I22      00 000006
1020328754500011903530101342200036912                         02295717000000 00000000000000000000    000000501229571    12111800000000068850330000001N290920000000000000000000000000000000000000000000000000000000000000000100007431714700COND. ED. A RUA TENENTE GIL GUILHERME   PRACA TENENTE GIL GUILHERME - 05        URCA        22291190RIO DE JANEIRO RJ                               I22      00 000007
9000008000000004131000000000000000000000000000000000000000000000000000000000000000000000000000000000000000000000000000000000000000000000000000000000000000000000000000000000000000000000000000000000000000000000000000000000000000000000000000000000000000000000000000000000000000000000000000000000000000000000000000000000000000000000000000000000000000000000000000000000000000000000000000000000000000000008
